<?xml version='1.0' encoding='UTF-8'?>
<record xmlns="http://www.loc.gov/MARC21/slim">
  <leader>01034cam a2200265M  4500</leader>
  <controlfield tag="001">3019039</controlfield>
  <controlfield tag="003">NjP</controlfield>
  <controlfield tag="005">20171120173400.0</controlfield>
  <controlfield tag="008">921123s1960    ir            000 0 ara d</controlfield>
  <datafield tag="024" ind1="7" ind2=" ">
    <subfield code="a">princeton_aco002071</subfield>
    <subfield code="2">local</subfield>
  </datafield>
  <datafield ind1=" " ind2=" " tag="035">
    <subfield code="a">(OCoLC)ocm28043561</subfield>
  </datafield>
  <datafield ind1=" " ind2=" " tag="035">
    <subfield code="9">CPR7795TS</subfield>
  </datafield>
  <datafield ind1=" " ind2=" " tag="040">
    <subfield code="a">ZCL</subfield>
    <subfield code="c">ZCL</subfield>
    <subfield code="d">PUL</subfield>
  </datafield>
  <datafield ind1=" " ind2=" " tag="043">
    <subfield code="a">a-ir---</subfield>
  </datafield>
  <datafield ind1="1" ind2=" " tag="100">
    <subfield code="a">K⁻at⁻uziy⁻an, N⁻asir.</subfield>
  </datafield>
  <datafield ind1="1" ind2="0" tag="245">
    <subfield code="a">Vas⁻ityat dar huq⁻uq-i madan⁻i-yi Ir⁻an;</subfield>
    <subfield code="b">mas⁻aʾil-i ḥuq⁻uq⁻i, rav⁻iyah⁻a-yi qaz⁻aʾ⁻i, huq⁻uq-i tatb⁻iq⁻i, taʻ⁻aruz-i qav⁻an⁻in.</subfield>
  </datafield>
  <datafield ind1=" " ind2=" " tag="260">
    <subfield code="a">Tihr⁻an,</subfield>
    <subfield code="b">[s.n.]</subfield>
    <subfield code="c">1339, [1960]</subfield>
  </datafield>
  <datafield ind1=" " ind2=" " tag="300">
    <subfield code="a">[5], 11, 449 p.</subfield>
  </datafield>
  <datafield ind1=" " ind2=" " tag="500">
    <subfield code="a">Added title-page in French.</subfield>
  </datafield>
  <datafield ind1=" " ind2=" " tag="504">
    <subfield code="a">Bibliography: p. [3-5]</subfield>
  </datafield>
  <datafield ind1=" " ind2="0" tag="650">
    <subfield code="a">Wills (Islamic law)</subfield>
    <subfield code="0">http://id.loc.gov/authorities/subjects/sh85146819</subfield>
  </datafield>
  <datafield ind1=" " ind2="0" tag="650">
    <subfield code="a">Wills</subfield>
    <subfield code="z">Iran.</subfield>
  </datafield>
  <datafield ind1=" " ind2="0" tag="650">
    <subfield code="a">Islamic law</subfield>
    <subfield code="z">Iran.</subfield>
    <subfield code="0">http://id.loc.gov/authorities/subjects/sh2009127646</subfield>
  </datafield>
  <datafield ind1="0" ind2=" " tag="740">
    <subfield code="a">Testament en droit civil iranien ...</subfield>
  </datafield>
  <datafield ind1=" " ind2=" " tag="945">
    <subfield code="a">SY</subfield>
    <subfield code="b">1</subfield>
    <subfield code="c">2467.65.392</subfield>
  </datafield>
  <datafield ind1=" " ind2=" " tag="911">
    <subfield code="a">20000603</subfield>
  </datafield>
  <datafield ind1="0" ind2="0" tag="852">
    <subfield code="0">3335270</subfield>
    <subfield code="b">nec</subfield>
    <subfield code="t">1</subfield>
    <subfield code="h">KBP635.3</subfield>
    <subfield code="i">.K388 1960</subfield>
  </datafield>
  <datafield ind1=" " ind2=" " tag="959">
    <subfield code="a">2009-08-27 08:21:20 -0400</subfield>
  </datafield>
</record>
